@article{worldclim,
    author = {Stephen E. Fick and Robert J. Hijmans},
    title = {WorldClim 2: new 1km spatial resolution climate surfaces for global land areas},
    journal = {International Journal of Climatology},
    year = {2017}
}

@inproceedings{beery2021species,
  title={Species distribution modeling for machine learning practitioners: A review},
  author={Beery, Sara and Cole, Elijah and Parker, Joseph and Perona, Pietro and Winner, Kevin},
  booktitle={ACM SIGCAS conference on computing and sustainable societies},
  pages={329--348},
  year={2021}
}

@inproceedings{zhang2017review,
  title={A review of machine learning based Species' distribution modelling},
  author={Zhang, Jian and Li, Sen},
  booktitle={2017 International Conference on Industrial Informatics-Computing Technology, Intelligent Technology, Industrial Information Integration (ICIICII)},
  pages={199--206},
  year={2017},
  organization={IEEE}
}

@article{vincenzi2011application,
  title={Application of a Random Forest algorithm to predict spatial distribution of the potential yield of Ruditapes philippinarum in the Venice lagoon, Italy},
  author={Vincenzi, Simone and Zucchetta, Matteo and Franzoi, Piero and Pellizzato, Michele and Pranovi, Fabio and De Leo, Giulio A and Torricelli, Patrizia},
  journal={Ecological Modelling},
  volume={222},
  number={8},
  pages={1471--1478},
  year={2011},
  publisher={Elsevier}
}

@article{jackson2015citizen,
  title={Citizen science and field survey observations provide comparable results for mapping Vancouver Island White-tailed Ptarmigan (Lagopus leucura saxatilis) distributions},
  author={Jackson, Michelle M and Gergel, Sarah E and Martin, Kathy},
  journal={Biological Conservation},
  volume={181},
  pages={162--172},
  year={2015},
  publisher={Elsevier}
}

@inproceedings{jin2012predicting,
  title={Predicting the potential distribution of bamboo with species distribution models},
  author={Jin, Jiaxin and Jiang, Hong and Xu, Jianhui and Peng, Wei and Zhang, Linjing and Zhang, Xiuying and Wang, Ying},
  booktitle={2012 20th International Conference on Geoinformatics},
  pages={1--4},
  year={2012},
  organization={IEEE}
}

@article{aertsen2010comparison,
  title={Comparison and ranking of different modelling techniques for prediction of site index in Mediterranean mountain forests},
  author={Aertsen, Wim and Kint, Vincent and Van Orshoven, Jos and {\"O}zkan, K{\"u}r{\c{s}}ad and Muys, Bart},
  journal={Ecological modelling},
  volume={221},
  number={8},
  pages={1119--1130},
  year={2010},
  publisher={Elsevier}
}

@article{lorena2011comparing,
  title={Comparing machine learning classifiers in potential distribution modelling},
  author={Lorena, Ana C and Jacintho, Luis FO and Siqueira, Marinez F and De Giovanni, Renato and Lohmann, L{\'u}cia G and De Carvalho, Andr{\'e} CPLF and Yamamoto, Missae},
  journal={Expert Systems with Applications},
  volume={38},
  number={5},
  pages={5268--5275},
  year={2011},
  publisher={Elsevier}
}

@article{lee2022spatial,
  title={Spatial evaluation of machine learning-based species distribution models for prediction of invasive ant species distribution},
  author={Lee, Wang-Hee and Song, Jae-Woo and Yoon, Sun-Hee and Jung, Jae-Min},
  journal={Applied Sciences},
  volume={12},
  number={20},
  pages={10260},
  year={2022},
  publisher={MDPI}
}

@article{hao2020testing,
  title={Testing whether ensemble modelling is advantageous for maximising predictive performance of species distribution models},
  author={Hao, Tianxiao and Elith, Jane and Lahoz-Monfort, Jos{\'e} J and Guillera-Arroita, Gurutzeta},
  journal={Ecography},
  volume={43},
  number={4},
  pages={549--558},
  year={2020},
  publisher={Wiley Online Library}
}

@article{breiman2001random,
  title={Random forests},
  author={Breiman, Leo},
  journal={Machine learning},
  volume={45},
  pages={5--32},
  year={2001},
  publisher={Springer}
}

@misc{met,
      url = {https://doi.org/10.22033/ESGF/CMIP6.419},
      title = {MOHC HadGEM3-GC31-LL model output prepared for CMIP6 CMIP},
      publisher = {Earth System Grid Federation},
      year = {2018},
      author = {Ridley, Jeff and Menary, Matthew and Kuhlbrodt, Till and Andrews, Martin and Andrews, Tim},
      doi = {10.22033/ESGF/CMIP6.419}
}

@article{oracle1,
author = {Tyberghein, Lennert and Verbruggen, Heroen and Pauly, Klaas and Troupin, Charles and Mineur, Frederic and De Clerck, Olivier},
title = {Bio-ORACLE: a global environmental dataset for marine species distribution modelling},
journal = {Global Ecology and Biogeography},
volume = {21},
number = {2},
pages = {272-281},
keywords = {Bio-ORACLE, Codium fragile, ecological niche modelling, environmental data, global, macroecology, marine, oceanography, species distribution modelling},
doi = {https://doi.org/10.1111/j.1466-8238.2011.00656.x},
url = {https://onlinelibrary.wiley.com/doi/abs/10.1111/j.1466-8238.2011.00656.x},
eprint = {https://onlinelibrary.wiley.com/doi/pdf/10.1111/j.1466-8238.2011.00656.x},
year = {2012}
}

@article{oracle2,
author = {Assis, Jorge and Tyberghein, Lennert and Bosch, Samuel and Verbruggen, Heroen and Serr√£o, Ester A. and De Clerck, Olivier},
title = {Bio-ORACLE v2.0: Extending marine data layers for bioclimatic modelling},
journal = {Global Ecology and Biogeography},
volume = {27},
number = {3},
pages = {277-284},
keywords = {Bio-ORACLE, bioclimatic modelling, environmental data, global, kriging, macroecology, marine, species distribution modelling},
doi = {https://doi.org/10.1111/geb.12693},
url = {https://onlinelibrary.wiley.com/doi/abs/10.1111/geb.12693},
eprint = {https://onlinelibrary.wiley.com/doi/pdf/10.1111/geb.12693},
year = {2018}
}

@article{hashemi2018weighted,
  title={Weighted machine learning},
  author={Hashemi, Mahdi and Karimi, Hassan},
  journal={Statistics, Optimization and Information Computing},
  volume={6},
  number={4},
  pages={497--525},
  year={2018},
  publisher={International Academic Press}
}

@article{ackerman2020detection,
  title={Detection of data drift and outliers affecting machine learning model performance over time},
  author={Ackerman, Samuel and Farchi, Eitan and Raz, Orna and Zalmanovici, Marcel and Dube, Parijat},
  journal={arXiv preprint arXiv:2012.09258},
  year={2020}
}

@article{saito2015precision,
  title={The precision-recall plot is more informative than the ROC plot when evaluating binary classifiers on imbalanced datasets},
  author={Saito, Takaya and Rehmsmeier, Marc},
  journal={PloS one},
  volume={10},
  number={3},
  pages={e0118432},
  year={2015},
  publisher={Public Library of Science San Francisco, CA USA}
}

@article{sasaki2007truth,
  title={The truth of the F-measure},
  author={Sasaki, Yutaka and others},
  journal={Teach tutor mater},
  volume={1},
  number={5},
  pages={1--5},
  year={2007}
}

@article{warrens2015five,
  title={Five ways to look at Cohen's kappa},
  author={Warrens, Matthijs J},
  journal={Journal of Psychology \& Psychotherapy},
  volume={5},
  year={2015},
  publisher={OMICS International}
}
